@inproceedings{lecun2010convolutional,
  title={Convolutional networks and applications in vision},
  author={LeCun, Yann and Kavukcuoglu, Koray and Farabet, Cl{\'e}ment},
  booktitle={Proceedings of 2010 IEEE International Symposium on Circuits and Systems},
  pages={253--256},
  year={2010},
  organization={IEEE}
}

@inproceedings{krizhevsky2012imagenet,
  title={Imagenet classification with deep convolutional neural networks},
  author={Krizhevsky, Alex and Sutskever, Ilya and Hinton, Geoffrey E},
  booktitle={Advances in neural information processing systems},
  pages={1097--1105},
  year={2012}
}

@inproceedings{taigman2014deepface,
  title={Deepface: Closing the gap to human-level performance in face verification},
  author={Taigman, Yaniv and Yang, Ming and Ranzato, Marc'Aurelio and Wolf, Lior},
  booktitle={Proceedings of the IEEE conference on computer vision and pattern recognition},
  pages={1701--1708},
  year={2014}
}

@article{szegedy2013intriguing,
  title={Intriguing properties of neural networks},
  author={Szegedy, Christian and Zaremba, Wojciech and Sutskever, Ilya and Bruna, Joan and Erhan, Dumitru and Goodfellow, Ian and Fergus, Rob},
  journal={arXiv preprint arXiv:1312.6199},
  year={2013}
}

@article{goodfellow2014explaining,
  title={Explaining and harnessing adversarial examples},
  author={Goodfellow, Ian J and Shlens, Jonathon and Szegedy, Christian},
  journal={arXiv preprint arXiv:1412.6572},
  year={2014}
}

@inproceedings{moosavi2016deepfool,
  title={Deepfool: a simple and accurate method to fool deep neural networks},
  author={Moosavi-Dezfooli, Seyed-Mohsen and Fawzi, Alhussein and Frossard, Pascal},
  booktitle={Proceedings of the IEEE conference on computer vision and pattern recognition},
  pages={2574--2582},
  year={2016}
}

@article{su2019one,
  title={One pixel attack for fooling deep neural networks},
  author={Su, Jiawei and Vargas, Danilo Vasconcellos and Sakurai, Kouichi},
  journal={IEEE Transactions on Evolutionary Computation},
  year={2019},
  publisher={IEEE}
}

@article{silver2017mastering,
  title={Mastering the game of go without human knowledge},
  author={Silver, David and Schrittwieser, Julian and Simonyan, Karen and Antonoglou, Ioannis and Huang, Aja and Guez, Arthur and Hubert, Thomas and Baker, Lucas and Lai, Matthew and Bolton, Adrian and others},
  journal={Nature},
  volume={550},
  number={7676},
  pages={354},
  year={2017},
  publisher={Nature Publishing Group}
}

@inproceedings{sharif2016accessorize,
  title={Accessorize to a crime: Real and stealthy attacks on state-of-the-art face recognition},
  author={Sharif, Mahmood and Bhagavatula, Sruti and Bauer, Lujo and Reiter, Michael K},
  booktitle={Proceedings of the 2016 ACM SIGSAC Conference on Computer and Communications Security},
  pages={1528--1540},
  year={2016},
  organization={ACM}
}

@article{geirhos2018imagenet,
  title={ImageNet-trained CNNs are biased towards texture; increasing shape bias improves accuracy and robustness},
  author={Geirhos, Robert and Rubisch, Patricia and Michaelis, Claudio and Bethge, Matthias and Wichmann, Felix A and Brendel, Wieland},
  journal={arXiv preprint arXiv:1811.12231},
  year={2018}
}

@article{simonyan2013deep,
  title={Deep inside convolutional networks: Visualising image classification models and saliency maps},
  author={Simonyan, Karen and Vedaldi, Andrea and Zisserman, Andrew},
  journal={arXiv preprint arXiv:1312.6034},
  year={2013}
}

@article{yosinski2015understanding,
  title={Understanding neural networks through deep visualization},
  author={Yosinski, Jason and Clune, Jeff and Nguyen, Anh and Fuchs, Thomas and Lipson, Hod},
  journal={arXiv preprint arXiv:1506.06579},
  year={2015}
}

@article{zintgraf2017visualizing,
  title={Visualizing deep neural network decisions: Prediction difference analysis},
  author={Zintgraf, Luisa M and Cohen, Taco S and Adel, Tameem and Welling, Max},
  journal={arXiv preprint arXiv:1702.04595},
  year={2017}
}

@article{madry2017towards,
  title={Towards deep learning models resistant to adversarial attacks},
  author={Madry, Aleksander and Makelov, Aleksandar and Schmidt, Ludwig and Tsipras, Dimitris and Vladu, Adrian},
  journal={arXiv preprint arXiv:1706.06083},
  year={2017}
}

@inproceedings{schmidt2018adversarially,
  title={Adversarially robust generalization requires more data},
  author={Schmidt, Ludwig and Santurkar, Shibani and Tsipras, Dimitris and Talwar, Kunal and Madry, Aleksander},
  booktitle={Advances in Neural Information Processing Systems},
  pages={5014--5026},
  year={2018}
}

@inproceedings{liu2018intriguing,
  title={An intriguing failing of convolutional neural networks and the coordconv solution},
  author={Liu, Rosanne and Lehman, Joel and Molino, Piero and Such, Felipe Petroski and Frank, Eric and Sergeev, Alex and Yosinski, Jason},
  booktitle={Advances in Neural Information Processing Systems},
  pages={9605--9616},
  year={2018}
}

@inproceedings{guo2018sparse,
  title={Sparse dnns with improved adversarial robustness},
  author={Guo, Yiwen and Zhang, Chao and Zhang, Changshui and Chen, Yurong},
  booktitle={Advances in neural information processing systems},
  pages={242--251},
  year={2018}
}

@inproceedings{ye2018bayesian,
  title={Bayesian adversarial learning},
  author={Ye, Nanyang and Zhu, Zhanxing},
  booktitle={Proceedings of the 32nd International Conference on Neural Information Processing Systems},
  pages={6892--6901},
  year={2018},
  organization={Curran Associates Inc.}
}

@inproceedings{papernot2016crafting,
  title={Crafting adversarial input sequences for recurrent neural networks},
  author={Papernot, Nicolas and McDaniel, Patrick and Swami, Ananthram and Harang, Richard},
  booktitle={MILCOM 2016-2016 IEEE Military Communications Conference},
  pages={49--54},
  year={2016},
  organization={IEEE}
}

@article{alzantot2018did,
  title={Did you hear that? adversarial examples against automatic speech recognition},
  author={Alzantot, Moustafa and Balaji, Bharathan and Srivastava, Mani},
  journal={arXiv preprint arXiv:1801.00554},
  year={2018}
}

@article{ilyas2019adversarial,
  title={Adversarial Examples Are Not Bugs, They Are Features},
  author={Ilyas, Andrew and Santurkar, Shibani and Tsipras, Dimitris and Engstrom, Logan and Tran, Brandon and Madry, Aleksander},
  journal={arXiv preprint arXiv:1905.02175},
  year={2019}
}

@article{engstrom2017rotation,
  title={A rotation and a translation suffice: Fooling cnns with simple transformations},
  author={Engstrom, Logan and Tran, Brandon and Tsipras, Dimitris and Schmidt, Ludwig and Madry, Aleksander},
  journal={arXiv preprint arXiv:1712.02779},
  year={2017}
}

@inproceedings{yan2018deep,
  title={Deep Defense: Training DNNs with Improved Adversarial Robustness},
  author={Yan, Ziang and Guo, Yiwen and Zhang, Changshui},
  booktitle={Advances in Neural Information Processing Systems},
  pages={419--428},
  year={2018}
}

@article{gilmer2018adversarial,
  title={Adversarial spheres},
  author={Gilmer, Justin and Metz, Luke and Faghri, Fartash and Schoenholz, Samuel S and Raghu, Maithra and Wattenberg, Martin and Goodfellow, Ian},
  journal={arXiv preprint arXiv:1801.02774},
  year={2018}
}

@inproceedings{szegedy2015going,
  title={Going deeper with convolutions},
  author={Szegedy, Christian and Liu, Wei and Jia, Yangqing and Sermanet, Pierre and Reed, Scott and Anguelov, Dragomir and Erhan, Dumitru and Vanhoucke, Vincent and Rabinovich, Andrew},
  booktitle={Proceedings of the IEEE conference on computer vision and pattern recognition},
  pages={1--9},
  year={2015}
}